@book{Micheli1994,
 author = {Micheli, Giovanni De},
 title = {Synthesis and Optimization of Digital Circuits},
 year = {1994},
 isbn = {0070163332},
 edition = {1st},
 publisher = {McGraw-Hill Higher Education},
} 

@inproceedings{schkufza2013stochastic,
  title={Stochastic superoptimization},
  author={Schkufza, Eric and Sharma, Rahul and Aiken, Alex},
  booktitle={ACM SIGARCH Computer Architecture News},
  volume={41},
  number={1},
  pages={305--316},
  year={2013},
  organization={ACM}
}

@inproceedings{de2008z3,
  title={Z3: An efficient SMT solver},
  author={De Moura, Leonardo and Bj{\o}rner, Nikolaj},
  booktitle={International conference on Tools and Algorithms for the Construction and Analysis of Systems},
  pages={337--340},
  year={2008},
  organization={Springer}
}

@inproceedings{DeVito2013,
 author = {DeVito, Zachary and Hegarty, James and Aiken, Alex and Hanrahan, Pat and Vitek, Jan},
 title = {Terra: A Multi-stage Language for High-performance Computing},
 booktitle = {Proceedings of the 34th ACM SIGPLAN Conference on Programming Language Design and Implementation},
 series = {PLDI '13},
 year = {2013},
 isbn = {978-1-4503-2014-6},
 location = {Seattle, Washington, USA},
 pages = {105--116},
 numpages = {12},
 url = {http://doi.acm.org/10.1145/2491956.2462166},
 doi = {10.1145/2491956.2462166},
 acmid = {2462166},
 publisher = {ACM},
 address = {New York, NY, USA},
 keywords = {dsl, lua, staged computation},
} 

@book{strong2013basic,
  title={Basic Digital Electronics},
  author={Strong, John A},
  year={2013},
  publisher={Springer Science \& Business Media}
}

@article{stoke16,
  author    = {Eric Schkufza and
               Rahul Sharma and
               Alex Aiken},
  title     = {Stochastic program optimization},
  journal   = {Commun. {ACM}},
  volume    = {59},
  number    = {2},
  pages     = {114--122},
  year      = {2016},
  url       = {http://doi.acm.org/10.1145/2863701},
  doi       = {10.1145/2863701},
  timestamp = {Thu, 25 Feb 2016 18:39:51 +0100},
  biburl    = {http://dblp.uni-trier.de/rec/bib/journals/cacm/Schkufza0A16},
  bibsource = {dblp computer science bibliography, http://dblp.org}
}
@article{boyar2011depth,
  title={A depth-16 circuit for the AES S-box.},
  author={Boyar, Joan and Peralta, Ren{\'e}}
}

@inproceedings{morioka2002optimized,
  title={An optimized S-Box circuit architecture for low power AES design},
  author={Morioka, Sumio and Satoh, Akashi},
  booktitle={International Workshop on Cryptographic Hardware and Embedded Systems},
  pages={172--186},
  year={2002},
  organization={Springer}
}

@inproceedings{canright2005very,
  title={A very compact S-box for AES},
  author={Canright, David},
  booktitle={International Workshop on Cryptographic Hardware and Embedded Systems},
  pages={441--455},
  year={2005},
  organization={Springer}
}